@online{google01,
  author = {Google},
  title = {Google},
  year = {2013},
  howpublished = {\url{http://www.google.com}},
  note = {[Online; accedido el \today]}
}

@online{erlang01,
  author = {{Ericsson OTP Team}},
  title = {Erlang {P}rogramming {L}anguage},
  year = {2013},
  howpublished = {\url{http://www.erlang.org/}},
  note = {[Online; accedido el \today]}
}
